@misc{KOMAScriptDoc,
	title = {{KOMA-Script Documentation Project {$\vert$} Aktive Anwender verbessern KOMA-Script.}},
	year = {2019},
	month = {Feb},
	note = {[Online; accessed 18. Feb. 2019]},
	url = {https://komascript.de}
}
@misc{sysvsproc,
  author = {Warren Young},
  year = {2015},
  title = {{What is in /dev, /proc and /sys?}},
  url = {https://unix.stackexchange.com/questions/188886/what-is-in-dev-proc-and-sys},
  note = {Accessed: 2024-05-20}
}
